<record><leader>00000cas a22000007a 4500</leader><controlfield tag="001">11162486</controlfield><controlfield tag="008">840917d187018uuiauwr ne      0    0eng d</controlfield><datafield ind1=" " ind2=" " tag="010"><subfield code="a">sn 84038084 </subfield></datafield><datafield ind1=" " ind2=" " tag="040"><subfield code="a">NPX</subfield><subfield code="b">eng</subfield><subfield code="c">NPX</subfield><subfield code="d">INP</subfield><subfield code="d">OCLCQ</subfield></datafield><datafield ind1=" " ind2=" " tag="042"><subfield code="a">msc</subfield></datafield><datafield ind1="0" ind2="0" tag="245"><subfield code="a">Council Bluffs weekly globe.</subfield></datafield><datafield ind1="1" ind2="3" tag="246"><subfield code="a">Council Bluffs globe</subfield></datafield><datafield ind1=" " ind2=" " tag="260"><subfield code="a">Council Bluffs, Iowa :</subfield><subfield code="b">Globe Print. Co.</subfield></datafield><datafield ind1=" " ind2=" " tag="300"><subfield code="a">v.</subfield></datafield><datafield ind1=" " ind2=" " tag="310"><subfield code="a">Weekly</subfield></datafield><datafield ind1="1" ind2=" " tag="362"><subfield code="a">Began in 1870?</subfield><subfield code="z">Cf. Bibl. of Iowa newspapers.</subfield></datafield><datafield ind1=" " ind2=" " tag="500"><subfield code="a">Bibl. of Iowa newspapers records title as: Council Bluffs globe.</subfield></datafield><datafield ind1=" " ind2=" " tag="500"><subfield code="a">"Democratic," &lt;1876&gt;.</subfield></datafield><datafield ind1=" " ind2=" " tag="588"><subfield code="a">Description based on: Vol. 3, no. 11 (Mar. 18, 1876).</subfield></datafield><datafield ind1=" " ind2=" " tag="752"><subfield code="a">United States</subfield><subfield code="b">Iowa</subfield><subfield code="c">Pottawattamie</subfield><subfield code="d">Council Bluffs.</subfield></datafield><datafield ind1="0" ind2=" " tag="775"><subfield code="t">Council Bluffs daily globe</subfield><subfield code="w">(DLC)sn 84038083</subfield><subfield code="g">&lt;1872-1876&gt;</subfield></datafield><datafield ind1="0" ind2=" " tag="775"><subfield code="t">Council Bluffs globe</subfield><subfield code="w">(DLC)sn 87057204</subfield></datafield><datafield ind1="0" ind2="0" tag="785"><subfield code="t">Weekly globe (Council Bluffs, Iowa)</subfield><subfield code="w">(DLC)sn 87058659</subfield></datafield></record>